@InProceedings{lavergne2010practical,
	author		= {Lavergne, Thomas and Capp\'{e}, Olivier and Yvon, Fran\c{c}ois},
	title		= {Practical Very Large Scale {CRFs}},
	booktitle	= {Proceedings the 48th Annual Meeting of the Association for
				Computational Linguistics ({ACL})},
	month		= {July},
	year		= {2010},
	location	= {Uppsala, Sweden},
	publisher	= {Association for Computational Linguistics},
	pages		= {504--513},
	url			= {http://www.aclweb.org/anthology/P10-1052}
}

@InProceedings{Clement2004,
	author		= {Lionel Cl\'{e}ment and Beno\^{i}t Sagot and Bernard Lang},
	title		= {Morphology Based Automatic Acquisition of Large-coverage Lexica},
	booktitle	= {Proceedings of the Fourth International Conference on Language Resources and Evaluation, {LREC} 2004},
	publisher	= {European Language Resources Association},
	month		= {May},
	year		= {2004},
	location	= {Lisbon, Portugal}
}

@InProceedings{Crabbe08,
   author		= {B. Crabb\'e and M.~-H. Candito},
   title		= {Exp\'eriences d'analyse syntaxique statistique du fran\c{c}ais},
   booktitle	= {Actes de TALN'08},
   year			= {2008"
}

@InCollection{Abeille2003,
   author		= {A. Abeill\'{e} and L. Cl\'{e}ment and F. Toussenel},
   title		= {Building a treebank for French},
   editor		= {A. Abeill\'{e}},
   booktitle	= {Treebanks},
   publisher	= { Kluwer},
   address		= {Dordrecht}, 
   year			= {2003},
}

@InProceedings{sagot-richard-stern:2012:TALN,
	author		= {Beno\^{i}t Sagot and Marion Richard and Rosa Stern},
	title		= {Annotation r\'{e}f\'{e}rentielle du Corpus Arbor\'{e} de Paris 7 en entit\'{e}s nomm\'{e}es},
	booktitle	= {Actes de la 19e conf\'{e}rence sur le Traitement Automatique des Langues Naturelles},
	month		= {June},
	year		= {2012},
	address		= {Grenoble, France},
	publisher	= {Association pour le Traitement Automatique des Langues},
	pages		= {535--542},
	url			= {http://www.atala.org/taln_archives/TALN/TALN-2012/taln-2012-court-026},
}

@InProceedings{Tellier2012,
	author		= {I. Tellier and D. Duchier and I. Eshkol and A. Courmet and M. Martinet},
	title		= {Apprentissage automatique d'un chunker pour le fran{\c{c}}ais},
	booktitle	= {Actes de TALN'12, papier court (poster)},
	year		= {2012}
}

@InProceedings{Tellier_demo2012,
	author		= {I. Tellier and Y. Dupont and A. Courmet},
	title		= {Un segmenteur-{\'e}tiqueteur et un chunker pour le fran{\c{c}}ais},
	booktitle	= {Actes de TALN'12, session d{\'e}mo},
	year		= {2012}
}